
@article{kraisangka2018bayesian,
  title={A Bayesian network interpretation of the Cox's proportional hazard model},
  author={Kraisangka, Jidapa and Druzdzel, Marek J},
  journal={International Journal of Approximate Reasoning},
  volume={103},
  pages={195--211},
  year={2018},
  publisher={Elsevier}
}

@article{kingma2013auto,
  title={Auto-encoding variational bayes},
  author={Kingma, Diederik P},
  journal={arXiv preprint arXiv:1312.6114},
  year={2013}
}


@article{clark2003survival,
  title={Survival analysis part I: basic concepts and first analyses},
  author={Clark, Taane G and Bradburn, Michael J and Love, Sharon B and Altman, Douglas G},
  journal={British journal of cancer},
  volume={89},
  number={2},
  pages={232--238},
  year={2003},
  publisher={Nature Publishing Group}
}

@article{jared2016deep,
  title={Deep survival: A deep cox proportional hazards network},
  author={Jared, K and Shaham, U and Bates, J and Jiang, T and Kluger, Y},
  journal={arXiv preprint arXiv:1606.00931},
  year={2016}
}
@inproceedings{lee2018deephit,
  title={Deephit: A deep learning approach to survival analysis with competing risks},
  author={Lee, Changhee and Zame, William and Yoon, Jinsung and Van Der Schaar, Mihaela},
  booktitle={Proceedings of the AAAI conference on artificial intelligence},
  volume={32},
  number={1},
  year={2018}
}

@inproceedings{meng2023merging,
  title={Merging-Diverging Hybrid Transformer Networks for Survival Prediction in Head and Neck Cancer},
  author={Meng, Mingyuan and Bi, Lei and Fulham, Michael and Feng, Dagan and Kim, Jinman},
  booktitle={International Conference on Medical Image Computing and Computer-Assisted Intervention},
  pages={400--410},
  year={2023},
  organization={Springer}
}

@inproceedings{deng2024cross,
  title={Cross-modality attention-based multimodal fusion for non-small cell lung cancer (NSCLC) patient survival prediction},
  author={Deng, Ruining and Shaikh, Nazim and Shannon, Gareth and Nie, Yao},
  booktitle={Medical Imaging 2024: Digital and Computational Pathology},
  volume={12933},
  pages={46--50},
  year={2024},
  organization={SPIE}
}
@article{simpson2024preoperative,
  title={Preoperative CT and survival data for patients undergoing resection of colorectal liver metastases},
  author={Simpson, Amber L and Peoples, Jacob and Creasy, John M and Fichtinger, Gabor and Gangai, Natalie and Keshavamurthy, Krishna N and Lasso, Andras and Shia, Jinru and Dâ€™Angelica, Michael I and Do, Richard KG},
  journal={Scientific Data},
  volume={11},
  number={1},
  pages={172},
  year={2024},
  publisher={Nature Publishing Group UK London}
}
@article{apellaniz2023savae,
  title={SAVAE: Leveraging the variational Bayes autoencoder for survival analysis},
  author={Apell{\'a}niz, Patricia A and Parras, Juan and Zazo, Santiago},
  journal={arXiv preprint arXiv:2312.14651},
  year={2023}
}